<record><leader>00000cas a22000007a 4500</leader><controlfield tag="001">16006706</controlfield><controlfield tag="008">870619d19751975iausr ne      0    0eng d</controlfield><datafield ind1=" " ind2=" " tag="010"><subfield code="a">sn 87057565 </subfield></datafield><datafield ind1=" " ind2=" " tag="040"><subfield code="a">INP</subfield><subfield code="b">eng</subfield><subfield code="c">INP</subfield><subfield code="d">OCLCQ</subfield></datafield><datafield ind1=" " ind2=" " tag="042"><subfield code="a">msc</subfield></datafield><datafield ind1="0" ind2="4" tag="245"><subfield code="a">The Warren County reporter.</subfield></datafield><datafield ind1="3" ind2="0" tag="246"><subfield code="a">Weekly Warren County reporter</subfield></datafield><datafield ind1=" " ind2=" " tag="260"><subfield code="a">Indianola, Iowa :</subfield><subfield code="b">Hladky Pub. and Advertising Co.,</subfield><subfield code="c">1975-</subfield></datafield><datafield ind1=" " ind2=" " tag="300"><subfield code="a">v.</subfield></datafield><datafield ind1=" " ind2=" " tag="310"><subfield code="a">Semimonthly</subfield></datafield><datafield ind1="0" ind2=" " tag="362"><subfield code="a">Vol. 1, no. 1 (June 20-July 3, 1975)-</subfield></datafield><datafield ind1="1" ind2=" " tag="362"><subfield code="a">Ceased in 1975.</subfield></datafield><datafield ind1=" " ind2=" " tag="500"><subfield code="a">Published as: Weekly Warren County reporter, Dec. 5-&lt;Dec. 18, 1975&gt;.</subfield></datafield><datafield ind1=" " ind2=" " tag="515"><subfield code="a">One issue published Sept. 5-Oct. 2, 1975.</subfield></datafield><datafield ind1=" " ind2=" " tag="588"><subfield code="a">Description based on: Vol. l, no. 1 (June 20-July 3, 1975).</subfield></datafield><datafield ind1=" " ind2=" " tag="752"><subfield code="a">United States</subfield><subfield code="b">Iowa</subfield><subfield code="c">Warren</subfield><subfield code="d">Indianola.</subfield></datafield></record>